@inproceedings{chuang2007effect,
  title={Effect of computer-based video games on children: An experimental study},
  author={Chuang, Tsung-Yen and others},
  booktitle={Digital Game and Intelligent Toy Enhanced Learning, 2007. DIGITEL'07. The First IEEE International Workshop on},
  pages={114--118},
  year={2007},
  organization={IEEE}
}
@inproceedings{marques2012video,
  title={Video games as a medium for software education},
  author={Marques, Bradley RC and Levitt, Stephen P and Nixon, Ken J},
  booktitle={Games Innovation Conference (IGIC), 2012 IEEE International},
  pages={1--4},
  year={2012},
  organization={IEEE}
}
@inproceedings{janarthanan2012serious,
  title={Serious video games: Games for education and health},
  author={Janarthanan, Vasudevan},
  booktitle={Information Technology: New Generations (ITNG), 2012 Ninth International Conference on},
  pages={875--878},
  year={2012},
  organization={IEEE}
}
@inproceedings{paliokas2011playlogo,
  title={PlayLOGO 3D: A 3D interactive video game for early programming education: Let LOGO be a game},
  author={Paliokas, Ioannis and Arapidis, Christos and Mpimpitsos, Michail},
  booktitle={Games and Virtual Worlds for Serious Applications (VS-GAMES), 2011 Third International Conference on},
  pages={24--31},
  year={2011},
  organization={IEEE}
}
@inproceedings{ki2016using,
  title={Using games for teaching crisis communication in higher education and training},
  author={Ki, Linda and Holen, Stig and Vold, Tone and Venemyr, Geir Ove and Braun, Robin and others},
  booktitle={Information Technology Based Higher Education and Training (ITHET), 2016 15th International Conference on},
  pages={1--6},
  year={2016},
  organization={IEEE}
}
@inproceedings{underhay2016game,
  title={Game-based enabled e-learning model for e-Safety education},
  author={Underhay, Lusinda and Pretorius, Agneita and Ojo, Sunday},
  booktitle={IST-Africa Week Conference, 2016},
  pages={1--7},
  year={2016},
  organization={IEEE}
}